@misc{amazonWhatBatch,
	title = {What is Batch Processing? - Batch Processing Systems Explained - AWS},
	howpublished = {\url{https://aws.amazon.com/what-is/batch-processing/}},
	note = {[Accessed 06-10-2023]},
}

@misc{advsysconBatchProcessing,
	author = {Brian McHugh},
	title = {Batch Processing and Workload Orchestration: An Overview},
	howpublished = {\url{https://www.advsyscon.com/blog/batch-processing-system/}},
	note = {[Accessed 06-10-2023]},
}

@misc{memphisdev,
	title = {Batch Processing vs Stream Processing: Why Batch is dying and Streaming takes over},
	howpublished = {\url{https://memphis.dev/blog/batch-processing-vs-stream-processing-why-batch-is-dying-and-streaming-takes-over/}},
        note = {[Accessed 06-10-2023]},
}

@article{dean2008mapreduce,
  title={MapReduce: simplified data processing on large clusters},
  author={Dean, Jeffrey and Ghemawat, Sanjay},
  journal={Communications of the ACM},
  volume={51},
  number={1},
  pages={107--113},
  year={2008},
  publisher={ACM New York, NY, USA}
}

@inproceedings{RDDs,
  title={Resilient distributed datasets: A $\{$Fault-Tolerant$\}$ abstraction for $\{$In-Memory$\}$ cluster computing},
  author={Zaharia, Matei and Chowdhury, Mosharaf and Das, Tathagata and Dave, Ankur and Ma, Justin and McCauly, Murphy and Franklin, Michael J and Shenker, Scott and Stoica, Ion},
  booktitle={9th USENIX Symposium on Networked Systems Design and Implementation (NSDI 12)},
  pages={15--28},
  year={2012}
}

@misc{dhaduk2022challenges,
	author = {Dhaduk, Hiren},
	title = {5 Challenges of Data Scalability},
	howpublished = {\url{https://medium.com/@HirenDhaduk1/5-challenges-of-data-scalability-be23b74f90d1}},
	year = {2022},
	note = {[Accessed 07-10-2023]},
}

@article{singh2013review,
  title={Review on parallel and distributed computing},
  author={Singh, Inderpal},
  journal={Scholar Journal of Engineering and Technology},
  volume={1},
  number={4},
  pages={218--225},
  year={2013}
}

@misc{mapreduceModel2023,
	title = {Cost Efficient Scheduling of MapReduce Applications on Public Clouds - Scientific Figure on ResearchGate},
	howpublished = {\url{https://www.researchgate.net/figure/The-Structure-of-MapReduce-Model_fig2_319013444}},
	note = {[Accessed 07-10-2023]},
}

@misc{dotFHWATravel,
	author = {},
	title = {{F}{H}{W}{A} 511 {T}ravel {I}nformation {T}elephone {S}ervices --- ops.fhwa.dot.gov},
	howpublished = {\url{https://ops.fhwa.dot.gov/511/}},
	year = {},
	note = {(Accessed on 18/10/2023)}
}

@misc{fl511FL511,
	author = {},
	title = {{F}{L}511 --- fl511.com},
	howpublished = {\url{https://fl511.com/}},
	year = {},
	note = {(Accessed on 18/10/2023)}
}

@misc{pktrafficPKTraffic,
	author = {PK Traffic},
	title = {PKTraffic --- pktraffic.com},
	howpublished = {\url{https://pktraffic.com/}},
	year = {},
	note = {(Accessed on 18/10/2023)}
}

@misc{CloudSer68:online,
    author = {},
    title = {Cloud Services - Amazon Web Services (AWS)},
    howpublished = {\url{https://aws.amazon.com/}},
    month = {},
    year = {},
    note = {(Accessed on 18/10/2023)}
}

@misc{FastNoSQ49:online,
    author = {},
    title = {Fast NoSQL Key-Value Database – Amazon DynamoDB – Amazon Web Services},
    howpublished = {\url{https://aws.amazon.com/dynamodb/}},
    month = {},
    year = {},
    note = {(Accessed on 18/10/2023)}
}

@misc{Processa96:online,
    author = {},
    title = {Process and Analyze Streaming Data – Amazon Kinesis – Amazon Web Services},
    howpublished = {\url{https://aws.amazon.com/kinesis/}},
    month = {},
    year = {},
    note = {(Accessed on 18/10/2023)}
}

@misc{Serverle45:online,
    author = {},
    title = {Serverless Computing - AWS Lambda - Amazon Web Services},
    howpublished = {\url{https://aws.amazon.com/lambda/}},
    month = {},
    year = {},
    note = {(Accessed on 18/10/2023)}
}

@misc{Boto312825:online,
    author = {},
    title = {Boto3 1.28.65 documentation},
    howpublished = {\url{https://boto3.amazonaws.com/v1/documentation/api/latest/index.html}},
    month = {},
    year = {},
    note = {(Accessed on 18/10/2023)}
}


@misc{Serverle24:online,
    author = {},
    title = {Serverless: Develop \& Monitor Apps On AWS Lambda},
    howpublished = {\url{https://www.serverless.com/}},
    month = {},
    year = {},
    note = {(Accessed on 18/10/2023)}
}

@misc{React40:online,
    author = {},
    title = {React},
    howpublished = {\url{https://react.dev/}},
    month = {},
    year = {},
    note = {(Accessed on 18/10/2023)}
}